@article{artigo01,
    title = {Classificação da Cobertura Vegetal da Caatinga Através do Processamento Digital de Imagens de Satélite},
    author = {NÓBREGA},
    journal = {Caderno de Geografia},
    year = {2023}
}

@article{artigo02,
    title = {Alterações na cobertura do solo em Teresina, Pirauí, Brasil},
    author = {LIMA},
    journal = {Sociedade e Natureza},
    year = {2021}
}

@article{artigo03,
    title = {Aplicação do Índice de Vegetação por Diferença Normalizada (NDVI) na Caracterização da Cobertura Vegetativa de Juazeiro Do Norte – CE},
    author = {BARROS},
    journal = {Revista Brasileira de Geografia Física},
    year = {2020}
}
